<?xml version="1.0" encoding="UTF-8"?><collection xmlns="http://www.loc.gov/MARC21/slim"><record><leader>00419nam--2200133-i-4500</leader><controlfield tag="001">000004933</controlfield><controlfield tag="002">20161230</controlfield><controlfield tag="005">20161230201026</controlfield><controlfield tag="008">060222s1000------------r-----000-0-eng-d</controlfield><datafield ind1=" " ind2=" " tag="100"><subfield code="a">Baschieri, Luigi</subfield></datafield><datafield ind1=" " ind2=" " tag="245"><subfield code="a">Moderne strade a servizio della fascia costiera toscana</subfield></datafield><datafield ind1=" " ind2=" " tag="260"><subfield code="a">Pisa, Bibl.Centrale Dell Universita, 1957 16 P</subfield></datafield><datafield ind1=" " ind2=" " tag="490"><subfield code="a">Publicazioni Della Facolta D Ingegneria Dell Universita Di Pisa</subfield></datafield><datafield ind1=" " ind2=" " tag="852"><subfield code="a">15228</subfield></datafield></record></collection>